%% This BibTeX bibliography file was created using BibDesk.
%% http://bibdesk.sourceforge.net/


%% Created for Filip Krikava at 2015-03-13 11:37:45 +0100 


%% Saved with string encoding Unicode (UTF-8) 



@techreport{pawlak2014,
	Author = {Pawlak, Renaud and Monperrus, Martin and Petitprez, Nicolas and Noguera, Carlos and Seinturier, Lionel},
	Date-Added = {2015-03-13 10:34:58 +0000},
	Date-Modified = {2015-03-13 10:35:16 +0000},
	Hal_Id = {hal-01078532},
	Hal_Version = {v1},
	Institution = {{Inria}},
	Number = {hal-01078532},
	Title = {{Spoon v2: Large Scale Source Code Analysis and Transformation for Java}},
	Type = {Technical Report},
	Url = {https://hal.inria.fr/hal-01078532},
	Year = {2014},
	Bdsk-Url-1 = {https://hal.inria.fr/hal-01078532}}

@inproceedings{pawlak2005,
	Acmid = {1101566},
	Address = {New York, NY, USA},
	Author = {Pawlak, Renaud},
	Booktitle = {Proceedings of the 1st Workshop on Aspect Oriented Middleware Development},
	Date-Added = {2015-03-13 10:28:59 +0000},
	Date-Modified = {2015-03-13 10:30:00 +0000},
	Doi = {10.1145/1101560.1101566},
	Isbn = {1-59593-265-8},
	Keywords = {AOP, annotations, compile-time reflection, program transformation},
	Location = {Grenoble, France},
	Publisher = {ACM},
	Series = {AOMD '05},
	Title = {Spoon: Annotation-driven Program Transformation --- the AOP Case},
	Url = {http://doi.acm.org/10.1145/1101560.1101566},
	Year = {2005},
	Bdsk-Url-1 = {http://doi.acm.org/10.1145/1101560.1101566},
	Bdsk-Url-2 = {http://dx.doi.org/10.1145/1101560.1101566}}

@url{slf4j,
	Author = {ASF},
	Date-Added = {2015-03-11 18:27:03 +0000},
	Date-Modified = {2015-03-11 18:29:43 +0000},
	Lastchecked = {10.3.2015},
	Title = {Simple Logging Facade for Java},
	Url = {http://www.slf4j.org/},
	Bdsk-Url-1 = {http://www.slf4j.org/}}

@url{jcabi,
	Author = {Yegor Bugayenko},
	Date-Added = {2015-03-10 23:22:29 +0000},
	Date-Modified = {2015-03-11 18:28:38 +0000},
	Lastchecked = {10.3.2015},
	Title = {Useful AOP aspects, incl. JSR-303.},
	Url = {http://aspects.jcabi.com/index.html},
	Bdsk-Url-1 = {http://aspects.jcabi.com/index.html}}

@incollection{kiczales1997,
	Author = {Kiczales, Gregor and Lamping, John and Mendhekar, Anurag and Maeda, Chris and Lopes, Cristina and Loingtier, Jean-Marc and Irwin, John},
	Booktitle = {ECOOP'97---Object-oriented programming},
	Pages = {220--242},
	Publisher = {Springer},
	Title = {Aspect-oriented programming},
	Year = {1997}}
